<collection xmlns="http://www.loc.gov/MARC21/slim">
<record>
  <leader>01777nam0a2200241 i 450 </leader>
  <controlfield tag="001">IT\ICCU\CNCE\009694</controlfield>
  <controlfield tag="005">20070913000000.0</controlfield>
  <datafield tag="012" ind1=" " ind2=" ">
    <subfield code="a">sisi cori o-ua vntu (3) 1599 (A)</subfield>
    <subfield code="2">fei</subfield>
  </datafield>
  <datafield tag="100" ind1=" " ind2=" ">
    <subfield code="a">19970101d1599        0itac0103    ba</subfield>
  </datafield>
  <datafield tag="101" ind1=" " ind2=" ">
    <subfield code="a">ITA</subfield>
  </datafield>
  <datafield tag="102" ind1=" " ind2=" ">
    <subfield code="a">IT</subfield>
  </datafield>
  <datafield tag="200" ind1="1" ind2=" ">
    <subfield code="a">Passa tempo del Fognano. Patria dell&apos;auttore, nella valle di l&apos; Ammone territorio di Brisighella, diocese di Faenza, in dialogo morale doue s&apos;intendono pi ̮cose diletteuoli non meno utili che necessarie circa l&apos;alleuare i figliuoli. Della puoca cura, abuso, mal officio circa costumare i figliuoli, e la causa che alcuni nascono offesi, o stroppiati in qualche membro debili e piccioli non solo del corpo ma etiam dell&apos;intelletto. Dell&apos;obligo, e offitio de padri, verso li figliuoli in amaestrarli come si proua con alcuni esempi, e auertimenti a loro circa il darli ad alleuare fuori di casa. Del modo di bene alleuare li figliuoli, acci ̣non siano male costumati, e perche siano tali. Come non si deue sprezzare il buon ... Di don Alessandro Carradori da Faenza:</subfield>
  </datafield>
  <datafield tag="210" ind1=" " ind2=" ">
    <subfield code="a">In Rimino</subfield>
    <subfield code="d">1599</subfield>
    <subfield code="e">In Rimini</subfield>
    <subfield code="g">appresso Giouanni Simbeni</subfield>
    <subfield code="h">1599</subfield>
  </datafield>
  <datafield tag="215" ind1=" " ind2=" ">
    <subfield code="a">52 p.</subfield>
    <subfield code="d">8ʻ</subfield>
  </datafield>
  <datafield tag="620" ind1=" " ind2=" ">
    <subfield code="a">IT</subfield>
    <subfield code="d">Rimini</subfield>
  </datafield>
  <datafield tag="700" ind1=" " ind2="1">
    <subfield code="a">Carradori,</subfield>
    <subfield code="b">Alessandro</subfield>
    <subfield code="3">IT\ICCU\CNCA\002681</subfield>
  </datafield>
  <datafield tag="712" ind1="0" ind2="0">
    <subfield code="a">Simbeni, Giovanni</subfield>
    <subfield code="3">IT\ICCU\CNCT\000829</subfield>
    <subfield code="4">650</subfield>
  </datafield>
  <datafield tag="791" ind1="0" ind2="0">
    <subfield code="a">Simbenius, Ioannes</subfield>
    <subfield code="3">IT\ICCU\CNCT\005671</subfield>
    <subfield code="z">Simbeni, Giovanni</subfield>
  </datafield>
  <datafield tag="791" ind1="0" ind2="0">
    <subfield code="a">Simbeneus, Ioannes</subfield>
    <subfield code="3">IT\ICCU\CNCT\005672</subfield>
    <subfield code="z">Simbeni, Giovanni</subfield>
  </datafield>
  <datafield tag="801" ind1=" " ind2="3">
    <subfield code="a">IT</subfield>
    <subfield code="b">ICCU</subfield>
    <subfield code="c">20201113</subfield>
  </datafield>
  <datafield tag="899" ind1=" " ind2=" ">
    <subfield code="a">Biblioteca universitaria Alessandrina. Roma</subfield>
    <subfield code="1">RM0280</subfield>
    <subfield code="2">RML 01</subfield>
  </datafield>
  <datafield tag="911" ind1=" " ind2=" ">
    <subfield code="a">Sul front. e nel colophon.</subfield>
    <subfield code="9">IT\ICCU\CNCM\000141</subfield>
  </datafield>
  <datafield tag="921" ind1=" " ind2=" ">
    <subfield code="a">IT\ICCU\CNCM\000141</subfield>
    <subfield code="b">Gru che tiene un sasso nella zampa. In cornice figurata</subfield>
    <subfield code="e">Vigilat nec fatiscit.</subfield>
    <subfield code="c">Q22</subfield>
    <subfield code="c">V184</subfield>
    <subfield code="c">Z712</subfield>
    <subfield code="d">Dimensioni: 3,5 x 4</subfield>
    <subfield code="f">GRU</subfield>
    <subfield code="f">SASSO</subfield>
    <subfield code="f">VIGILATNEC</subfield>
    <subfield code="g">1568-1599</subfield>
  </datafield>
</record>
</collection>
